@Misc{timmurphy.org,
howpublished = {\url{https://ourairports.com/data/airports.csv}},
note = {Accessed April 4, 2010},
title = {Line Spacing in LaTeX documents},
author = {Murphy, Timothy I}
}
