@mastersthesis{syed2014attribute,
  title={Attribute weighting in k-nearest neighbor classification},
  author={Syed, Muhammad Ejazuddin},
  year={2014}
}
