@inproceedings{zonglei2008new,
  title={A new method to alarm large scale of flights delay based on machine learning},
  author={Zonglei, Lu and Jiandong, Wang and Guansheng, Zheng},
  booktitle={2008 International Symposium on Knowledge Acquisition and Modeling},
  pages={589--592},
  year={2008},
  organization={IEEE}
}
