@book{johnson2002applied,
  title={Applied multivariate statistical analysis},
  author={Johnson, Richard Arnold and Wichern, Dean W and others},
  volume={5},
  number={8},
  year={2002},
  publisher={Prentice hall Upper Saddle River, NJ}
}
