@book{raschka2015python,
  title={Python machine learning},
  author={Raschka, Sebastian},
  year={2015},
  publisher={Packt Publishing Ltd}
}
