@article{rebollo2014characterization,
  title={Characterization and prediction of air traffic delays},
  author={Rebollo, Juan Jose and Balakrishnan, Hamsa},
  journal={Transportation research part C: Emerging technologies},
  volume={44},
  pages={231--241},
  year={2014},
  publisher={Elsevier}
}
