@article{sternberg2017review,
  title={A review on flight delay prediction},
  author={Sternberg, Alice and Soares, Jorge and Carvalho, Diego and Ogasawara, Eduardo},
  journal={arXiv preprint arXiv:1703.06118},
  year={2017}
}
