@article{batista2004study,
  title={A study of the behavior of several methods for balancing machine learning training data},
  author={Batista, Gustavo EAPA and Prati, Ronaldo C and Monard, Maria Carolina},
  journal={ACM SIGKDD explorations newsletter},
  volume={6},
  number={1},
  pages={20--29},
  year={2004},
  publisher={ACM}
}
