@ARTICLE{4309452,
author={},
journal={IEEE Transactions on Systems, Man, and Cybernetics},
title={Two Modifications of CNN},
year={1976},
volume={SMC-6},
number={11},
pages={769-772},
keywords={Cellular neural networks;Fuzzy sets;Neural networks;Fuzzy control;Computer science;Cybernetics;Fuzzy logic;Minimization methods;Fuzzy set theory;Bibliographies},
doi={10.1109/TSMC.1976.4309452},
ISSN={2168-2909},
month={Nov},}