@article{quinlan1989inferring,
  title={Inferring decision trees using the minimum description lenght principle},
  author={Quinlan, J Ross and Rivest, Ronald L},
  journal={Information and computation},
  volume={80},
  number={3},
  pages={227--248},
  year={1989},
  publisher={Citeseer}
}
