@inproceedings{choi2016prediction,
  title={Prediction of weather-induced airline delays based on machine learning algorithms},
  author={Choi, Sun and Kim, Young Jin and Briceno, Simon and Mavris, Dimitri},
  booktitle={2016 IEEE/AIAA 35th Digital Avionics Systems Conference (DASC)},
  pages={1--6},
  year={2016},
  organization={IEEE}
}
